% ....názov súboru je: literatura.bib
% kniha
@book{Coplien:MPD,
	author = "James O. Coplien",
	title = "Multi-Paradigm Design for C++",
	publisher = "Addison-Wesley",
	year = 1999
}

% článok v časopise
@article{Czarnecki:Staged,
    author = "Krzysztof Czarnecki and Simon Helsen and Ulrich Eisenecker",
    title = "Staged Configuration Through Specialization and Multi-Level Configuration of Feature Models",
    journal = "Software Process: Improvement and Practice",
    volume = 10,
    issue = 2,
    month = apr # "/" # jun,
    year = "2005",
    pages = "143--169",
}

% článok v zborníku
@inproceedings{Czarnecki:Progress,
	author = "Krzysztof Czarnecki and Chang Hwan Peter Kim",
	title = "Cardinality-Based Feature Modeling and Constraints: A Progress Report",
	booktitle = "International Workshop on Software Factories, OOPSLA 2005",
	month = oct,
	year = "2005",
	address = "San Diego, USA",
}

% technická správa (nepublikovaná)
@techreport{Kang:FODA,
	author = "Kyo C. Kang and Sholom G. Cohen and James A. Hess and William E. Novak and A. Spencer Peterson",
	title = "Feature-Oriented Domain Analysis ({FODA}): A Feasibility Study",
	institution = "Software Engineering Institute, Carnegie Mellon University",
	address = "Pittsburgh, USA",
	month = nov,
	year = 1990,
	number = "CMU/SEI-90-TR-21",
}

% zdroj na webe
@misc{PLP-Framework,
	author = "Software Engineering Institute, Carnegie Mellon University",
	title = "A Framework for Software Product Line Practice---Version 5.0",
	howpublished = "\url{http://www.sei.cmu.edu/productlines/frame_report/}",
}

@misc{McDonald-ECTS,
	author = "Scott Douglas McDonald, RMIT University, HCMC ",
	title = "ENHANCED CRITICAL THINKING SKILLS THROUGH PROBLEM-SOLVING GAMES IN SECONDARY SCHOOLS",
	howpublished = "\url{https://www.ijello.org/Volume13/IJELLv13p079-096McDonald3482.pdf}" ,
}

@misc{KritickeATvoriveMyslenie,
	author = "ANNA SANDANUSOVÁ, JANKA SCHLARMANNOVÁ",
	title = "KRITICKÉ A TVORIVÉ MYSLENIE V PRÍPRAVE UČITEĽOV BIOLÓGIE",
	howpublished = "\url{https://www.pf.ukf.sk/images/docs/projekty/2017/pC-Cp/publikacie/Kritick%C3%A9_tvoriv%C3%A9_myslenie_v_pr%C3%ADprave_u%C4%8Dite%C4%BEov_biol%C3%B3gieu%C4%8Debnica_final_na_tlac.pdf}",
}

@misc{Djamas_Ramli,
	author = "Festiyed*, D Djamas and R Ramli",
	title = "Learning model based on discovery learning equipped with interactive multimedia teaching materials assisted by games to improve critical thinking skills of high school students",
	howpublished = "\url{https://iopscience.iop.org/article/10.1088/1742-6596/1185/1/012054/pdf}",
}
